<?xml version="1.0" encoding="UTF-8"?><collection xmlns="http://www.loc.gov/MARC21/slim"><record><leader>00533nam--2200169-i-4500</leader><controlfield tag="001">000022103</controlfield><controlfield tag="002">20161230</controlfield><controlfield tag="005">20161230201034</controlfield><controlfield tag="008">060222s1000------------r-----000-0-fre-d</controlfield><datafield ind1=" " ind2=" " tag="041"><subfield code="a">fre</subfield></datafield><datafield ind1=" " ind2=" " tag="080"><subfield code="a">538.3</subfield></datafield><datafield ind1="1" ind2=" " tag="100"><subfield code="a">Deleuil, Roger</subfield></datafield><datafield ind1="1" ind2="0" tag="245"><subfield code="a">Contribution a l'etude de la diffraction des ondes electromagnetiques par des reseaux et des dioptres irreguliers</subfield><subfield code="b">These</subfield><subfield code="c">Roger deleuil</subfield></datafield><datafield ind1=" " ind2=" " tag="260"><subfield code="a">Aix-marseille</subfield><subfield code="b">Universite D'Aix-marseille</subfield><subfield code="c">1969</subfield></datafield><datafield ind1=" " ind2=" " tag="300"><subfield code="a">/PAG.DIF.</subfield></datafield><datafield ind1=" " ind2=" " tag="852"><subfield code="a">34342</subfield><subfield code="c">537:538</subfield></datafield><datafield ind1=" " ind2=" " tag="CAT"><subfield code="a">Sys</subfield><subfield code="c">20110616</subfield><subfield code="h">151355</subfield></datafield></record></collection>